<?xml version="1.0" encoding="UTF-8"?><collection xmlns="http://www.loc.gov/MARC21/slim"><record><leader>00516nam--2200169-u-4500</leader><controlfield tag="001">000056713</controlfield><controlfield tag="002">20161230</controlfield><controlfield tag="005">20161230201052</controlfield><controlfield tag="008">161003s1000------------r-----000-0-eng-d</controlfield><datafield ind1=" " ind2="1" tag="040"><subfield code="a">IFIN-HH</subfield></datafield><datafield ind1="1" ind2=" " tag="100"><subfield code="a">Suekane, Fumihiko</subfield></datafield><datafield ind1="1" ind2="0" tag="245"><subfield code="a">Neutrino Oscillations. A practical Guide to Basics and Application</subfield><subfield code="b">Lecture Notes in Physics 898</subfield><subfield code="c">Fumihiko Suekane</subfield></datafield><datafield ind1=" " ind2=" " tag="260"><subfield code="a">Tokyo</subfield><subfield code="b">Springer</subfield><subfield code="c">2015</subfield></datafield><datafield ind1=" " ind2=" " tag="300"><subfield code="a">185 p.+XIV</subfield></datafield><datafield ind1=" " ind2=" " tag="490"><subfield code="a">Lecture Notes in Physics 898</subfield></datafield><datafield ind1=" " ind2=" " tag="852"><subfield code="a">82438</subfield><subfield code="c">539.12</subfield></datafield><datafield ind1=" " ind2=" " tag="CAT"><subfield code="a">Sys</subfield><subfield code="c">20161003</subfield><subfield code="h">140642</subfield></datafield></record></collection>